@misc{poly_gl,
	author= {Eric Guerin},
	howpublished= {Utilisation de Flex et Bison},
	year= {2011}
}
